@article(CCNS-2015,
	author = "Michal Codish, Luis Cruz-Filipe, Markus Nebel and Peter Scheider-Kamp",
	title = "Applying Sorting Networks to Synthesize Optimized Sorting Libraries",
	journal = "arXiv:1505.01962",
	year = 2015,
)

@techreport{hugues-juille,
  author = {Hugues Juille},
  title = {Sorting Networks and the END search algorithm},
  year = {2002--2016},
  pagetotal = {1},
  url = {http://www.cs.brandeis.edu/~hugues/sorting_networks.html},
}

@techreport{ron-zeno,
  author = {Ron Zeno},
  title = {A reference of the best-known sorting networks for up to 16 inputs},
  year = {2002--2016},
  pagetotal = {1},
  url = {http://www.angelfire.com/blog/ronz/Articles/999SortingNetworksReferen.html},
}

